
@BOOK{mitchell:book,
	AUTHOR = "Mitcell, Tom M.",
	TITLE = "Machine Learning",
	EDITION = "International",
	PUBLISHER = "McGraw-Hill",
	YEAR = "1997"
}

@BOOK{eckel:book,
	AUTHOR = "Eckel, Bruce",
	TITLE = "Thinking in Java",
	EDITION = "1st",
	PUBLISHER = "Prentice Hall",
	YEAR = "1998"
}

@BOOK{quinlan:book,
	AUTHOR = "Quinlin, C. Ross",
	TITLE = "C4.5: Programs for Machine Learning",
	PUBLISHER = "Morgan Kauffmann",
	YEAR = "1992"
}

@BOOK{larman:book,
	AUTHOR = "Larman, Craig",
	TITLE = "Applying UML and Patterns, An introduction to Object-Oriented Analysis and Design",
	PUBLISHER = "Prentice Hall",
	YEAR = "1998"
}

@BOOK{shneiderman:book,
	AUTHOR = "Shneiderman, Ben",
	TITLE = "Designing the User Interface: Strategies for effective Human-Computer Interaction",
	EDITION = {Third},
	PUBLISHER = "Addison-Wesley",
	YEAR = "1998"
}

@BOOK(Bratko90:other,
        AUTHOR             = "Bratko, I.",
        TITLE              = "Prolog Programming for Artificial Intelligence",
	NOTE               = "2nd Edition",
        PUBLISHER          = AW,
	address	 = "Wokingham, England",
        YEAR               = "1990")

@BOOK{Breiman84:other,
        TITLE = "Classification and Regression Trees",
        AUTHOR = "L. Breiman and J.H. Friedman and R.A. Olshen and C.J. Stone",
        YEAR = 1984,
        PUBLISHER = "Wadsworth",
        ADDRESS = "Belmont"}

@UNPUBLISHED{tidwell,
	AUTHOR = "Tidwell, Jennifer",
	TITLE = {{H}{C}{I} Design Patterns},
	NOTE = "\\{\tt http://www.mit.edu/\( \tilde{\quad} \)jtidwell/interaction\_patterns.html}",
	YEAR = "1999"
}

@PHDTHESIS(Blockeel98:other,
        AUTHOR             = "Blockeel, H.",
        TITLE              = "Top-down induction of first order logical decision trees",
        SCHOOL             = DEPTCW,
        YEAR               = "1998",
	URL		   = "http://www.cs.kuleuven.ac.be/\~{}ml/PS/blockeel98:phd.ps.gz",
	NOTE		   = "\\{\tt http://www.cs.kuleuven.ac.be/\~{}ml/PS/blockeel98:phd.ps.gz}")

@PHDTHESIS(Dehaspe98:other,
        AUTHOR             = "Dehaspe, L.",
        TITLE              = "Frequent Pattern Discovery in First-Order Logic",
        SCHOOL             = DEPTCW,
	NOTE		   = "\\{\tt http://www.cs.kuleuven.ac.be/\~{}ldh/}",
        YEAR               = "1998")
	
@INPROCEEDINGS(Deraedt95-ALT:proc,
        AUTHOR             = "De Raedt, L. and Van Laer, W.",
        YEAR               = "1995",
        TITLE              = "Inductive Constraint Logic",
        BOOKTITLE          = "Proceedings of the Sixth International Workshop on Algorithmic Learning Theory",
	PAGES		   = "80--94",
	EDITOR		   = "Klaus P. Jantke and Takeshi Shinohara and Thomas Zeugmann",
        SERIES             = "Lecture Notes in Artificial Intelligence",
        Volume = 997,
	PUBLISHER 	   = SV)

@ARTICLE(DeRaedt94-AI:jrnl,
        AUTHOR             = "De Raedt, L. and D\v{z}eroski, S.",
        TITLE              = "First Order $jk$-Clausal Theories are {PAC}-Learnable",
        JOURNAL            = AI,
	VOLUME             = "70",
	PAGES              = "375-392",
        YEAR               = "1994")

	
